<record><leader>00000cas a22000007i 4500</leader><controlfield tag="001">862978892</controlfield><controlfield tag="006">m     o  d        </controlfield><controlfield tag="007">cr |n|000|||||</controlfield><controlfield tag="008">860602d190u1917kyuwr neo     0   a0eng  </controlfield><datafield ind1=" " ind2=" " tag="010"><subfield code="a">  2013272154</subfield></datafield><datafield ind1=" " ind2=" " tag="040"><subfield code="a">Nz</subfield><subfield code="b">eng</subfield><subfield code="e">rda</subfield><subfield code="c">Z5A</subfield><subfield code="d">DLC</subfield><subfield code="d">OCLCF</subfield></datafield><datafield ind1="0" ind2=" " tag="022"><subfield code="a">2332-4686</subfield><subfield code="2">1</subfield></datafield><datafield ind1="0" ind2=" " tag="029"><subfield code="a">NZ1</subfield><subfield code="b">15127462</subfield></datafield><datafield ind1="1" ind2=" " tag="029"><subfield code="a">NZ1</subfield><subfield code="b">15879029</subfield></datafield><datafield ind1=" " ind2=" " tag="042"><subfield code="a">msc</subfield><subfield code="a">nsdp</subfield></datafield><datafield ind1=" " ind2=" " tag="043"><subfield code="a">n-us-ky</subfield></datafield><datafield ind1="1" ind2="0" tag="050"><subfield code="a">ISSN RECORD</subfield></datafield><datafield ind1="0" ind2="0" tag="082"><subfield code="a">071</subfield><subfield code="2">23</subfield></datafield><datafield ind1="0" ind2=" " tag="130"><subfield code="a">Kentucky register (Richmond, Ky. : 1907 : Online)</subfield></datafield><datafield ind1=" " ind2="4" tag="222"><subfield code="a">The Kentucky register</subfield><subfield code="b">(Richmond, Ky. 1907. Online)</subfield></datafield><datafield ind1="0" ind2="4" tag="245"><subfield code="a">The Kentucky register.</subfield></datafield><datafield ind1=" " ind2="1" tag="264"><subfield code="a">Richmond, Ky. :</subfield><subfield code="b">[publisher not identified]</subfield></datafield><datafield ind1=" " ind2=" " tag="300"><subfield code="a">1 online resource</subfield></datafield><datafield ind1=" " ind2=" " tag="310"><subfield code="a">Weekly</subfield></datafield><datafield ind1=" " ind2=" " tag="336"><subfield code="a">text</subfield><subfield code="b">txt</subfield><subfield code="2">rdacontent</subfield></datafield><datafield ind1=" " ind2=" " tag="337"><subfield code="a">computer</subfield><subfield code="b">c</subfield><subfield code="2">rdamedia</subfield></datafield><datafield ind1=" " ind2=" " tag="338"><subfield code="a">online resource</subfield><subfield code="b">cr</subfield><subfield code="2">rdacarrier</subfield></datafield><datafield ind1="1" ind2=" " tag="362"><subfield code="a">Ceased in 1917?</subfield></datafield><datafield ind1=" " ind2=" " tag="588"><subfield code="a">Description based on: Vol. 51, no. 34 (October 27, 1916); title from masthead (Chroniclingamerica.loc.gov, viewed November 27, 2013).</subfield></datafield><datafield ind1=" " ind2=" " tag="588"><subfield code="a">Latest issue consulted: Vol. 52, no. 5 (April 13, 1917) (Chroniclingamerica.loc.gov, viewed November 27, 2013).</subfield></datafield><datafield ind1=" " ind2="0" tag="651"><subfield code="a">Richmond (Ky.)</subfield><subfield code="v">Newspapers.</subfield></datafield><datafield ind1=" " ind2="7" tag="655"><subfield code="a">Newspapers.</subfield><subfield code="2">fast</subfield><subfield code="0">(OCoLC)fst01423814</subfield></datafield><datafield ind1=" " ind2="7" tag="651"><subfield code="a">Kentucky</subfield><subfield code="z">Richmond.</subfield><subfield code="2">fast</subfield><subfield code="0">(OCoLC)fst01202710</subfield></datafield><datafield ind1=" " ind2=" " tag="752"><subfield code="a">United States</subfield><subfield code="b">Kentucky</subfield><subfield code="c">Madison</subfield><subfield code="d">Richmond.</subfield></datafield><datafield ind1="0" ind2="8" tag="776"><subfield code="i">Originally issued in print:</subfield><subfield code="t">Kentucky register (Richmond, Ky.)</subfield><subfield code="x">2332-4678</subfield><subfield code="w">(DLC)sn 86069167</subfield><subfield code="w">(OCoLC)13673731</subfield></datafield><datafield ind1="0" ind2="0" tag="780"><subfield code="t">Semi-weekly register (Richmond, Ky. : Online)</subfield></datafield><datafield ind1="0" ind2="7" tag="785"><subfield code="t">Richmond climax (Richmond, Ky. : 1917 : Online)</subfield><subfield code="x">2326-6163</subfield><subfield code="w">(DLC)  2013218546</subfield><subfield code="w">(OCoLC)827233954</subfield></datafield><datafield ind1="0" ind2="7" tag="785"><subfield code="t">Richmond daily register (Online)</subfield><subfield code="x">2332-4708</subfield><subfield code="w">(DLC)  2013272155</subfield><subfield code="w">(OCoLC)862979392</subfield></datafield><datafield ind1="4" ind2="0" tag="856"><subfield code="u">http://www.loc.gov/chroniclingamerica/lccn/sn86069167/issues</subfield></datafield></record>